<?xml version="1.0" encoding="UTF-8"?><collection xmlns="http://www.loc.gov/MARC21/slim"><record><leader>00403nam--2200145-i-4500</leader><controlfield tag="001">000022636</controlfield><controlfield tag="002">20161230</controlfield><controlfield tag="005">20161230201034</controlfield><controlfield tag="008">060222s1000------------r-----000-0-eng-d</controlfield><datafield ind1=" " ind2=" " tag="080"><subfield code="a">519</subfield></datafield><datafield ind1=" " ind2=" " tag="100"><subfield code="a">Hald, A</subfield></datafield><datafield ind1=" " ind2=" " tag="245"><subfield code="a">Bayesian single sampling attribute plans for discrete prior distributions</subfield></datafield><datafield ind1=" " ind2=" " tag="260"><subfield code="a">Kobenhavn, Enjar Munksgaard, 1965. 88 P</subfield></datafield><datafield ind1=" " ind2=" " tag="490"><subfield code="a">Mat.Fys.Skr.Dan.Vid.Selsk</subfield></datafield><datafield ind1=" " ind2=" " tag="852"><subfield code="a">25323</subfield></datafield></record></collection>